@misc{anari2019logconcave,
      title={Log-Concave Polynomials II: High-Dimensional Walks and an FPRAS for Counting Bases of a Matroid}, 
      author={Nima Anari and Kuikui Liu and Shayan Oveis Gharan and Cynthia Vinzant},
      year={2019},
      eprint={1811.01816},
      archivePrefix={arXiv},
      primaryClass={cs.DS}
}

@article{DBLP:journals/corr/abs-1807-00929,
  author       = {Nima Anari and
                  Shayan Oveis Gharan and
                  Cynthia Vinzant},
  title        = {Log-concave polynomials, entropy, and a deterministic approximation
                  algorithm for counting bases of matroids},
  journal      = {CoRR},
  volume       = {abs/1807.00929},
  year         = {2018},
  url          = {http://arxiv.org/abs/1807.00929},
  eprinttype    = {arXiv},
  eprint       = {1807.00929},
  timestamp    = {Mon, 13 Aug 2018 16:49:05 +0200},
  biburl       = {https://dblp.org/rec/journals/corr/abs-1807-00929.bib},
  bibsource    = {dblp computer science bibliography, https://dblp.org}
}

@article{DBLP:journals/corr/abs-1112-5071,
  author       = {Philippe Duchon},
  title        = {Random generation of combinatorial structures: Boltzmann samplers
                  and beyond},
  journal      = {CoRR},
  volume       = {abs/1112.5071},
  year         = {2011},
  url          = {http://arxiv.org/abs/1112.5071},
  eprinttype    = {arXiv},
  eprint       = {1112.5071},
  timestamp    = {Mon, 13 Aug 2018 16:48:41 +0200},
  biburl       = {https://dblp.org/rec/journals/corr/abs-1112-5071.bib},
  bibsource    = {dblp computer science bibliography, https://dblp.org}
}