@book{complex, place={Cambridge}, title={Complex Functions: An Algebraic and Geometric Viewpoint}, DOI={10.1017/CBO9781139171915}, publisher={Cambridge University Press}, author={Jones, Gareth A. and Singerman, David}, year={1987}}
@misc{bijective,
  title = {MÃ¶bius Transformation is Bijection},
  year={2019},
  howpublished = {\url{https://proofwiki.org/wiki/M%C3%B6bius_Transformation_is_Bijection}},
  note = {Accessed: 2023-8-17}
}