@book{dummit,
  title={Abstract Algebra},
  author={Dummit, D.S. and Foote, R.M.},
  isbn={9780471433347},
  lccn={2003057652},
  url={https://books.google.com/books?id=KJDBQgAACAAJ},
  year={2003},
  publisher={Wiley}
}

@book{hungerford2012abstract,
  title={Abstract Algebra: An Introduction},
  author={Hungerford, T.W.},
  isbn={9781285414973},
  url={https://books.google.com/books?id=zRkLAAAAQBAJ},
  year={2012},
  publisher={Cengage Learning}
}

@book{lang2005algebra,
  title={Algebra},
  author={Lang, S.},
  isbn={9780387953854},
  lccn={01054916},
  series={Graduate Texts in Mathematics},
  url={https://books.google.com/books?id=Fge-BwqhqIYC},
  year={2005},
  publisher={Springer New York}
}

@article{10.1093/qmath/32.3.349,
    author = {STOTHERS, W. W.},
    title = "{POLYNOMIAL IDENTITIES AND HAUPTMODULN}",
    journal = {The Quarterly Journal of Mathematics},
    volume = {32},
    number = {3},
    pages = {349-370},
    year = {1981},
    month = {09},
    issn = {0033-5606},
    doi = {10.1093/qmath/32.3.349},
    url = {https://doi.org/10.1093/qmath/32.3.349},
    eprint = {https://academic.oup.com/qjmath/article-pdf/32/3/349/4517232/32-3-349.pdf},
}

@article{FLT,
 ISSN = {0003486X},
 URL = {http://www.jstor.org/stable/2118559},
 author = {Andrew Wiles},
 journal = {Annals of Mathematics},
 number = {3},
 pages = {443--551},
 publisher = {Annals of Mathematics},
 title = {Modular Elliptic Curves and Fermat's Last Theorem},
 urldate = {2023-04-30},
 volume = {141},
 year = {1995}
}

 @misc{ enwiki:1147605007,
    author = "{Wikipedia contributors}",
    title = "Liouville's theorem (differential algebra) --- {Wikipedia}{,} The Free Encyclopedia",
    year = "2023",
    url = "https://en.wikipedia.org/w/index.php?title=Liouville%27s_theorem_(differential_algebra)&oldid=1147605007",
    note = "[Online; accessed 1-May-2023]"
  }

  @article{snyder,
     author = {Noah Synder},
     title= {An alternate proof of Mason's theorem},
     year={2000},
     url={https://ems.press/journals/em/articles/609},
  }

  @inproceedings{Waldschmidt2015LectureOT,
  title={Lecture on the abc Conjecture and Some of Its Consequences},
  author={Michel Waldschmidt},
  year={2015}
}